<mx:record xmlns:v="http://viaf.org/viaf/terms#" xmlns:srw="http://www.loc.gov/zing/srw/" xmlns:mx="http://www.loc.gov/MARC21/slim"><mx:leader>00000nz##a22.....n..4500</mx:leader><mx:controlfield tag="001">viaf2858191</mx:controlfield><mx:controlfield tag="003">OCoLC</mx:controlfield><mx:controlfield tag="008">090303n||azznnabbn##########|a#aaa####|#</mx:controlfield><mx:datafield ind2=" " ind1="7" tag="024"><mx:subfield code="a">http://viaf.org/viaf/2858191</mx:subfield><mx:subfield code="2">uri</mx:subfield></mx:datafield><mx:datafield ind2=" " ind1=" " tag="040"><mx:subfield code="a">VIAF</mx:subfield><mx:subfield code="c">VIAF</mx:subfield></mx:datafield><mx:datafield tag="100" ind2=" " ind1="0"><mx:subfield code="a">Metagenes</mx:subfield><mx:subfield code="c">Comicus</mx:subfield><mx:subfield code="d">5. Jh. v. Chr.</mx:subfield><mx:subfield code="0">(DNB)102399417</mx:subfield></mx:datafield><mx:datafield ind2=" " ind1=" " tag="375"><mx:subfield code="a">unknown</mx:subfield><mx:subfield code="2">0</mx:subfield></mx:datafield><mx:datafield tag="400" ind2=" " ind1="0"><mx:subfield code="a">Metagenes</mx:subfield><mx:subfield code="c">Dichter der Alten Komödie</mx:subfield><mx:subfield code="d">5. Jh. v. Chr.</mx:subfield><mx:subfield code="2">DNB</mx:subfield></mx:datafield><mx:datafield tag="400" ind2=" " ind1="0"><mx:subfield code="a">Metagenes</mx:subfield><mx:subfield code="c">Komödiendichter</mx:subfield><mx:subfield code="d">5. Jh. v. Chr.</mx:subfield><mx:subfield code="2">DNB</mx:subfield></mx:datafield><mx:datafield ind2=" " ind1=" " tag="970"><mx:subfield code="a">-400</mx:subfield><mx:subfield code="b">0</mx:subfield><mx:subfield code="c">lived</mx:subfield></mx:datafield></mx:record>